@article{desrochessocioeco,
  title={Socio-eco-evolutionary dynamics in cities},
  author={Des Roches, S. and Brans, K. I. and Lambert, M. R. and Rivkin, L. R. and Savage, A. M. and Schell, C. J. and Alberti, M.},
  journal={Evolutionary Applications},
  volume={14},
  number={1},
  pages={248--267},
  year={2021},
  doi={10.1111/eva.13065}
}

@article{driscollacidrain,
  title={Acid rain revisited: advances in scientific understanding since the passage of the 1970 and 1990 clean air act amendments},
  author={Driscoll, C. T. and Lawrence, G. B. and Bulger, A. J. and Butler, T. J. and Cronan, C. S. and Eagar, C. and Weathers},
  journal={Hubbard Brook Research Foundation. Science Linksâ€™ Publication},
  volume={1},
  year={2001}
}

@article{estienhistoricalredlining,
  title={Historical redlining impacts wildlife biodiversity across California},
  author={Estien, C. and Omar, M. and Fidino, C. E. and Wilkinson, R. and Morello-Frosch, C. J.},
  year={2023}
}

@article{hailemariamcarbonemissions,
  title={Carbon emissions, income inequality and economic development},
  author={Hailemariam, A. and Dzhumashev, R. and Shahbaz, M.},
  journal={Empirical Economics},
  volume={59},
  number={3},
  pages={1139--1159},
  year={2020},
  doi={10.1007/s00181-019-01664-x}
}

@incollection{likensdiscoveryacidrain,
  title={The discovery of acid rain at the Hubbard Brook Experimental Forest: a story of collaboration and long-term research},
  author={Likens, G. E. and Bailey, S. W.},
  booktitle={USDA Forest Service Experimental Forests and Ranges},
  editor={Hayes, D. C. and Stout, S. L. and Crawford, R. H. and Hoover, A. P.},
  pages={463--482},
  publisher={Springer New York},
  year={2014},
  doi={10.1007/978-1-4614-1818-4_20}
}

@article{likenscenturychange,
  title={A century of change: reconstructing the biogeochemical history of Hubbard Brook},
  author={Likens, G. E. and Buso, D. C. and Bernhardt, E. S. and Rosi, E.},
  journal={Hydrological Processes},
  volume={35},
  number={6},
  year={2021},
  doi={10.1002/hyp.14256}
}

@article{mitchellstableisotopes,
  title={Use of stable isotope ratios for evaluating sulfur sources and losses at the Hubbard Brook Experimental Forest},
  author={Mitchell, M. J. and Mayer, B. and Bailey, S. W. and Hornbeck, J. W. and Alewell, C. and Driscoll, C. T. and Likens, G. E.},
  journal={Water, Air, and Soil Pollution},
  volume={130},
  number={1/4},
  pages={75--86},
  year={2001},
  doi={10.1023/a:1012295301541}
}

@misc{nelsonmappinginequality,
  title={Mapping inequality: redlining in new deal America},
  author={Nelson, R. K. and Winling, L. and Marciano, R. and Connolly, N. and Ayers, E. L.},
  year={2020},
  howpublished={Digital Scholarship Lab}
}

@article{schellsystemicracism,
  title={The ecological and evolutionary consequences of systemic racism in urban environments},
  author={Schell, C. J. and Dyson, K. and Fuentes, T. L. and Des Roches, S. and Harris, N. C. and Miller, D. S. and Lambert, M. R.},
  journal={Science (New York, N.Y.)},
  volume={369},
  number={6510},
  year={2020},
  doi={10.1126/science.aay4497}
}

@article{tessumpm25polluters,
  title={PM2.5 polluters disproportionately and systemically affect people of color in the United States},
  author={Tessum, C. W. and Paolella, D. A. and Chambliss, S. E. and Apte, J. S. and Hill, J. D. and Marshall, J. D.},
  journal={Science Advances},
  volume={7},
  number={18},
  year={2021},
  doi={10.1126/sciadv.abf4491}
}

@article{tessumracialdisparitiespm25,
  title={Racial disparities in air pollution exposure in the United States},
  author={Tessum, C. W. and Hill, J. D. and Apte, J. S. and Chambliss, S. E. and Marshall, J. D.},
  journal={Science Advances},
  volume={7},
  number={2},
  year={2021},
  doi={10.1126/sciadv.abe0646}
}

@article{desrochessocioeco2022,
  title={Eco-evolutionary dynamics of pollution in cities},
  author={Des Roches, S. and Alberti, M.},
  journal={Ecological Applications},
  volume={32},
  number={4},
  year={2022},
  doi={10.1002/eap.2592}
}

@book{hailemariamcarbon,
  title={Carbon emissions, inequality, and economic development},
  author={Hailemariam, A. and Dzhumashev, R. and Shahbaz, M.},
  publisher={Springer},
  year={2020},
  doi={10.1007/s00181-019-01664-x}
}
